<?xml version="1.0" encoding="UTF-8"?><collection xmlns="http://www.loc.gov/MARC21/slim"><record><leader>00568nam--2200193-u-4500</leader><controlfield tag="001">000053480</controlfield><controlfield tag="002">20161230</controlfield><controlfield tag="005">20161230201051</controlfield><controlfield tag="008">110407s1000------------r-----000-0-rum-d</controlfield><datafield ind1=" " ind2=" " tag="040"><subfield code="a">IFIN-HH</subfield></datafield><datafield ind1=" " ind2=" " tag="041"><subfield code="a">rum</subfield></datafield><datafield ind1=" " ind2=" " tag="080"><subfield code="a">548:537:538</subfield></datafield><datafield ind1="1" ind2=" " tag="100"><subfield code="a">Stefan, Mariana</subfield></datafield><datafield ind1="1" ind2="0" tag="245"><subfield code="a">Defecte punctuale paramagnetice in cirstale ionice cu tranzitii de faza structurale</subfield><subfield code="b">Rezumatul tezei</subfield><subfield code="c">Mariana stefan</subfield></datafield><datafield ind1=" " ind2=" " tag="260"><subfield code="a">Bucuresti</subfield><subfield code="b">Ifa</subfield><subfield code="c">2002</subfield></datafield><datafield ind1=" " ind2=" " tag="300"><subfield code="a">22P</subfield></datafield><datafield ind1=" " ind2=" " tag="502"><subfield code="a">Conducator Stiintific: Dr. Sergiu V. Nistor</subfield></datafield><datafield ind1=" " ind2=" " tag="852"><subfield code="a">81304</subfield><subfield code="c">548</subfield></datafield><datafield ind1=" " ind2=" " tag="CAT"><subfield code="a">Sys</subfield><subfield code="c">20110407</subfield><subfield code="h">114728</subfield></datafield></record></collection>